<?xml version="1.0" encoding="UTF-8"?><record xmlns="http://www.loc.gov/MARC21/slim" xmlns:cinclude="http://apache.org/cocoon/include/1.0" xmlns:zs="http://www.loc.gov/zing/srw/">
  <leader>00478nz  a2200121n  4500</leader>
  <controlfield tag="001">n  85262204 </controlfield>
  <controlfield tag="003">DLC</controlfield>
  <controlfield tag="005">19861024061430.2</controlfield>
  <controlfield tag="008">860910n| acannaab|          |n aaa ||| c</controlfield>
  <datafield tag="010" ind1=" " ind2=" ">
    <subfield code="a">n  85262204 </subfield>
  </datafield>
  <datafield tag="040" ind1=" " ind2=" ">
    <subfield code="a">InU</subfield>
    <subfield code="c">DLC</subfield>
  </datafield>
  <datafield tag="100" ind1="1" ind2="0">
    <subfield code="a">Floyd, Larry Wayne,</subfield>
    <subfield code="d">1959-</subfield>
  </datafield>
  <datafield tag="670" ind1=" " ind2=" ">
    <subfield code="a">His Stratigraphy and paleoecology of the Curlew Limestone Member of the Tradewater Formation (Pennsylvanian, Desmoinesian) in northern Christian County, Kentucky, 1985:</subfield>
    <subfield code="b">t.p. (Larry Wayne Floyd) leaf 71 (b. 5/21/59)</subfield>
  </datafield>
</record>